%% edite este arquivo para refletir os dados do seu relatÃ³rio
@techreport{TR-IC-PFG-18-11,
   number = {IC-PFG-18-11},
  author = {Guilherme Lucas {da Silva} and Edson {Borin}},
  title = {{Plataforma de Processamento de Dados sísmicos como serviço na Nuvem}},
  month = {November},
  year = {2018}, 
  institution = {Institute of Computing, University of Campinas},
  note = {In Portuguese, 19 pages}.
\par\selectlanguage{brazil}\textbf{Resumo}
      Este trabalho busca criar uma plataforma que facilita o processamento de dados
      sísmicos na nuvem, sem conhecimento técnico dos novos conceitos que a nuvem traz
      consigo. A partir disso, tenta trazer mais agilidade, custos mais baixos e maior flexibilidade
      para os engenheiros e desenvolvedores que trabalham em aplicações que necessitam
      de alto poder computacional.
\par
    Desta forma, o projeto foi iniciado com o objetivo de criar uma plataforma open
    source, replicável e extremamente simples de ser usada para qualquer usuário. Os
    resultados foram muito positivos, alcançando o intuito de criar a plataforma somente
    com componentes open source e facilmente replicável em diversas situações.